@article{ahlswede2000network,
 author = {Ahlswede, Rudolf and Cai, Ning and Li, S-YR and Yeung, Raymond W},
 journal = {IEEE Transactions on information theory},
 number = {4},
 pages = {1204--1216},
 organization = {IEEE},
 title = {Network information flow},
 volume = {46},
 year = {2000}
}

@inproceedings{akhlaghi2010fundamental,
 author = {Akhlaghi, Soroush and Kiani, Abbas and Ghanavati, Mohammad Reza},
 booktitle = {2010 IEEE International Symposium on Network Coding (NetCod)},
 organization = {IEEE},
 pages = {1--6},
 title = {A fundamental trade-off between the download cost and repair bandwidth in distributed storage systems},
 year = {2010}
}

@article{al2008scalable,
 author = {Al-Fares, Mohammad and Loukissas, Alexander and Vahdat, Amin},
 journal = {ACM SIGCOMM computer communication review},
 number = {4},
 pages = {63--74},
 organization = {ACM New York, NY, USA},
 title = {A scalable, commodity data center network architecture},
 volume = {38},
 year = {2008}
}

@inproceedings{bai2019fast,
 author = {Bai, Yunren and Xu, Zihan and Wang, Haixia and Wang, Dongsheng},
 booktitle = {Proceedings of the 48th International Conference on Parallel Processing},
 pages = {1--10},
 title = {Fast recovery techniques for erasure-coded clusters in non-uniform traffic network},
 year = {2019}
}

@inproceedings{bhagwan2004total,
 author = {Bhagwan, Ranjita and Tati, Kiran and Cheng, Yuchung and Savage, Stefan and Voelker, Geoffrey M},
 booktitle = {Nsdi},
 pages = {25--25},
 title = {Total Recall: System Support for Automated Availability Management.},
 volume = {4},
 year = {2004}
}

@article{blaum1995evenodd,
 author = {Blaum, Mario and Brady, Jim and Bruck, Jehoshua and Menon, Jai},
 journal = {IEEE Transactions on computers},
 number = {2},
 pages = {192--202},
 organization = {IEEE},
 title = {EVENODD: An efficient scheme for tolerating double disk failures in RAID architectures},
 volume = {44},
 year = {1995}
}

@article{blaum1996mds,
 author = {Blaum, Mario and Bruck, Jehoshua and Vardy, Alexander},
 journal = {IEEE Transactions on Information Theory},
 number = {2},
 pages = {529--542},
 organization = {IEEE},
 title = {MDS array codes with independent parity symbols},
 volume = {42},
 year = {1996}
}

@article{borthakur2008hdfs,
 author = {Borthakur, Dhruba and others},
 journal = {Hadoop apache project},
 number = {1-13},
 pages = {2},
 title = {HDFS architecture guide},
 volume = {53},
 year = {2008}
}

@inproceedings{botezatu2016predicting,
 author = {Mirela Madalina Botezatu and
Ioana Giurgiu and
Jasmina Bogojeska and
Dorothea Wiesmann},
 bibsource = {dblp computer science bibliography, https://dblp.org},
 biburl = {https://dblp.org/rec/conf/kdd/BotezatuGBW16.bib},
 booktitle = {Proceedings of the 22nd {ACM} {SIGKDD} International Conference on
Knowledge Discovery and Data Mining, San Francisco, CA, USA, August
13-17, 2016},
 doi = {10.1145/2939672.2939699},
 editor = {Balaji Krishnapuram and
Mohak Shah and
Alexander J. Smola and
Charu C. Aggarwal and
Dou Shen and
Rajeev Rastogi},
 pages = {39--48},
 organization = {{ACM}},
 timestamp = {Tue, 06 Nov 2018 00:00:00 +0100},
 title = {Predicting Disk Replacement towards Reliable Data Centers},
 url = {https://doi.org/10.1145/2939672.2939699},
 year = {2016}
}

@inproceedings{calder2011windows,
 author = {Calder, Brad and Wang, Ju and Ogus, Aaron and Nilakantan, Niranjan and Skjolsvold, Arild and McKelvie, Sam and Xu, Yikang and Srivastav, Shashwat and Wu, Jiesheng and Simitci, Huseyin and others},
 booktitle = {Proceedings of the Twenty-Third ACM Symposium on Operating Systems Principles},
 pages = {143--157},
 title = {Windows azure storage: a highly available cloud storage service with strong consistency},
 year = {2011}
}

@article{cao2020popularity,
 author = {Cao, Ting and Peng, Xiaopu and Zhang, Chaowei and Al Tekreeti, Taha Khalid and Mao, Jianzhou and Qin, Xiao and Huang, Jianzhong},
 journal = {Journal of Parallel and Distributed Computing},
 pages = {122--138},
 organization = {Elsevier},
 title = {A popularity-aware reconstruction technique in erasure-coded storage systems},
 volume = {146},
 year = {2020}
}

@article{chen1994raid,
 author = {Chen, Peter M and Lee, Edward K and Gibson, Garth A and Katz, Randy H and Patterson, David A},
 journal = {ACM Computing Surveys (CSUR)},
 number = {2},
 pages = {145--185},
 organization = {ACM New York, NY, USA},
 title = {RAID: High-performance, reliable secondary storage},
 volume = {26},
 year = {1994}
}

@article{chowdhury2013leveraging,
 author = {Chowdhury, Mosharaf and Kandula, Srikanth and Stoica, Ion},
 journal = {ACM SIGCOMM Computer Communication Review},
 number = {4},
 pages = {231--242},
 organization = {ACM New York, NY, USA},
 title = {Leveraging endpoint flexibility in data-intensive clusters},
 volume = {43},
 year = {2013}
}

@inproceedings{corbett2004row,
 author = {Corbett, Peter and English, Bob and Goel, Atul and Grcanac, Tomislav and Kleiman, Steven and Leong, James and Sankar, Sunitha},
 booktitle = {Proceedings of the 3rd USENIX Conference on File and Storage Technologies},
 organization = {San Francisco, CA},
 pages = {1--14},
 title = {Row-diagonal parity for double disk failure correction},
 year = {2004}
}

@article{dean2004mapreduce,
 author = {Dean, Jeffrey and Ghemawat, Sanjay},
 title = {MapReduce: Simplified data processing on large clusters},
 year = {2004}
}

@inproceedings{dimakis2007benefits,
 author = {Dimakis, Alexandros G and Godfrey, P Brighten and Wainwright, Martin J and Ramchandran, Kannan},
 booktitle = {Third Workshop on Network Coding, Theory, and Applications},
 title = {The benefits of network coding for peer-to-peer storage systems},
 year = {2007}
}

@article{dimakis2010network,
 author = {Dimakis, Alexandros G and Godfrey, P Brighten and Wu, Yunnan and Wainwright, Martin J and Ramchandran, Kannan},
 journal = {IEEE transactions on information theory},
 number = {9},
 pages = {4539--4551},
 organization = {IEEE},
 title = {Network coding for distributed storage systems},
 volume = {56},
 year = {2010}
}

@article{feng2005new,
 author = {Feng, Jen-Bang and Wu, Hsien-Chu and Tsai, Chwei-Shyong and Chu, Yen-Ping},
 journal = {Journal of Systems and Software},
 number = {3},
 pages = {327--339},
 organization = {Elsevier},
 title = {A new multi-secret images sharing scheme using Largrange’s interpolation},
 volume = {76},
 year = {2005}
}

@inproceedings{feng2010eeo,
 author = {Feng, Jun and Chen, Yu and Summerville, Douglas},
 booktitle = {2010 IEEE Sarnoff Symposium},
 organization = {IEEE},
 pages = {1--5},
 title = {EEO: An efficient MDS-like RAID-6 code for parallel implementation},
 year = {2010}
}

@inproceedings{ford2010availability,
 author = {Ford, Daniel and Labelle, Fran{\c c}ois and Popovici, Florentina I and Stokely, Murray and Truong, Van-Anh and Barroso, Luiz and Grimes, Carrie and Quinlan, Sean},
 booktitle = {9th {{USENIX}} Symposium on Operating Systems Design and Implementation ({{OSDI}} 10)},
 keywords = {⛔ No DOI found},
 title = {Availability in Globally Distributed Storage Systems},
 year = {2010}
}

@inproceedings{gai2012design,
 author = {Gai-Mei, Gao and Shang-Wang, Bai},
 booktitle = {2012 International Conference on Industrial Control and Electronics Engineering},
 organization = {IEEE},
 pages = {901--903},
 title = {Design and Simulation of Dynamic Replication Strategy for the Data Grid},
 year = {2012}
}

@article{gallager1962low,
 author = {Gallager, Robert},
 journal = {IRE Transactions on information theory},
 number = {1},
 pages = {21--28},
 organization = {IEEE},
 title = {Low-density parity-check codes},
 volume = {8},
 year = {1962}
}

@article{gaston2013realistic,
 author = {Gast{\'o}n, Bernat and Pujol, Jaume and Villanueva, Merce},
 journal = {arXiv preprint arXiv:1301.1549},
 title = {A realistic distributed storage system that minimizes data storage and repair bandwidth},
 year = {2013}
}

@inproceedings{ghemawat2003google,
 author = {Ghemawat, Sanjay and Gobioff, Howard and Leung, Shun-Tak},
 booktitle = {Proceedings of the nineteenth ACM symposium on Operating systems principles},
 pages = {29--43},
 title = {The Google file system},
 year = {2003}
}

@article{gill2016dynamic,
 author = {Gill, Navneet Kaur and Singh, Sarbjeet},
 journal = {Future Generation Computer Systems},
 pages = {10--32},
 organization = {Elsevier},
 title = {A dynamic, cost-aware, optimized data replication strategy for heterogeneous cloud data centers},
 volume = {65},
 year = {2016}
}

@inproceedings{greenberg2009vl2,
 author = {Greenberg, Albert and Hamilton, James R and Jain, Navendu and Kandula, Srikanth and Kim, Changhoon and Lahiri, Parantap and Maltz, David A and Patel, Parveen and Sengupta, Sudipta},
 booktitle = {Proceedings of the ACM SIGCOMM 2009 conference on Data communication},
 pages = {51--62},
 title = {VL2: A scalable and flexible data center network},
 year = {2009}
}

@article{greenberg2011vl2,
 author = {Greenberg, Albert and Hamilton, James R and Jain, Navendu and Kandula, Srikanth and Kim, Changhoon and Lahiri, Parantap and Maltz, David A and Patel, Parveen and Sengupta, Sudipta},
 journal = {Communications of the ACM},
 number = {3},
 pages = {95--104},
 organization = {ACM New York, NY, USA},
 title = {VL2: a scalable and flexible data center network},
 volume = {54},
 year = {2011}
}

@inproceedings{guo2008dcell,
 author = {Guo, Chuanxiong and Wu, Haitao and Tan, Kun and Shi, Lei and Zhang, Yongguang and Lu, Songwu},
 booktitle = {Proceedings of the ACM SIGCOMM 2008 conference on Data communication},
 pages = {75--86},
 title = {Dcell: a scalable and fault-tolerant network structure for data centers},
 year = {2008}
}

@inproceedings{guo2009bcube,
 author = {Guo, Chuanxiong and Lu, Guohan and Li, Dan and Wu, Haitao and Zhang, Xuan and Shi, Yunfeng and Tian, Chen and Zhang, Yongguang and Lu, Songwu},
 booktitle = {Proceedings of the ACM SIGCOMM 2009 conference on Data communication},
 pages = {63--74},
 title = {BCube: a high performance, server-centric network architecture for modular data centers},
 year = {2009}
}

@inproceedings{hafner2005matrix,
 author = {Hafner, James Lee and Deenadhayalan, Veera and Rao, KK and Tomlin, John A},
 booktitle = {FAST},
 number = {December},
 pages = {15--30},
 title = {Matrix Methods for Lost Data Reconstruction in Erasure Codes.},
 volume = {5},
 year = {2005}
}

@inproceedings{hafner2005weaver,
 author = {Hafner, James Lee},
 booktitle = {Fast},
 pages = {16--16},
 title = {WEAVER Codes: Highly Fault Tolerant Erasure Codes for Storage Systems.},
 volume = {5},
 year = {2005}
}

@inproceedings{hafner2006hover,
 author = {Hafner, James Lee},
 booktitle = {International Conference on Dependable Systems and Networks (DSN'06)},
 organization = {IEEE},
 pages = {217--226},
 title = {HoVer erasure codes for disk arrays},
 year = {2006}
}

@inproceedings{hu2016double,
 author = {Hu, Yuchong and Lee, Patrick PC and Zhang, Xiaoyang},
 booktitle = {2016 IEEE International Symposium on Information Theory (ISIT)},
 organization = {IEEE},
 pages = {245--249},
 title = {Double regenerating codes for hierarchical data centers},
 year = {2016}
}

@inproceedings{hua2009smartstore,
 author = {Hua, Yu and Jiang, Hong and Zhu, Yifeng and Feng, Dan and Tian, Lei},
 booktitle = {Proceedings of the conference on high performance computing networking, storage and analysis},
 organization = {IEEE},
 pages = {1--12},
 title = {SmartStore: A new metadata organization paradigm with semantic-awareness for next-generation file systems},
 year = {2009}
}

@article{huang2008star,
 author = {Huang, Cheng and Xu, Lihao},
 journal = {IEEE Transactions on Computers},
 number = {7},
 pages = {889--901},
 organization = {IEEE},
 title = {STAR: An efficient coding scheme for correcting triple storage node failures},
 volume = {57},
 year = {2008}
}

@inproceedings{huang2012erasure,
 author = {Huang, Cheng and Simitci, Huseyin and Xu, Yikang and Ogus, Aaron and Calder, Brad and Gopalan, Parikshit and Li, Jin and Yekhanin, Sergey},
 booktitle = {2012 USENIX Annual Technical Conference (USENIX ATC 12)},
 pages = {15--26},
 title = {Erasure coding in windows azure storage},
 year = {2012}
}

@article{huang2013pyramid,
 author = {Huang, Cheng and Chen, Minghua and Li, Jin},
 journal = {ACM Transactions on Storage (TOS)},
 number = {1},
 pages = {1--28},
 organization = {ACM New York, NY, USA},
 title = {Pyramid codes: Flexible schemes to trade space for access efficiency in reliable data storage systems},
 volume = {9},
 year = {2013}
}

@inproceedings{huang2019lower,
 author = {Huang, Shangyao and Hou, Hanxu and Yu, Xiangshou},
 booktitle = {2019 Ninth International Workshop on Signal Design and its Applications in Communications (IWSDA)},
 organization = {IEEE},
 pages = {1--5},
 title = {A Lower Bound on Disk Reads for Single Information Disk Failure Recovery and One Recovery Scheme for EVENODD (p, 3)},
 year = {2019}
}

@article{kamath2014codes,
 author = {Kamath, Govinda M and Prakash, N and Lalitha, V and Kumar, P Vijay},
 journal = {IEEE Transactions on information theory},
 number = {8},
 pages = {4637--4660},
 organization = {IEEE},
 title = {Codes with local regeneration and erasure correction},
 volume = {60},
 year = {2014}
}

@inproceedings{khan2012rethinking,
 author = {Khan, Osama and Burns, Randal C and Plank, James S and Pierce, William and Huang, Cheng},
 booktitle = {FAST},
 number = {10.5555},
 pages = {2208461--2208481},
 title = {Rethinking erasure codes for cloud file systems: minimizing I/O for recovery and degraded reads.},
 volume = {20},
 year = {2012}
}

@article{kubiatowicz2000oceanstore,
 author = {Kubiatowicz, John and Bindel, David and Chen, Yan and Czerwinski, Steven and Eaton, Patrick and Geels, Dennis and Gummadi, Ramakrishna and Rhea, Sean and Weatherspoon, Hakim and Weimer, Westley and others},
 journal = {ACM SIGOPS Operating Systems Review},
 number = {5},
 pages = {190--201},
 organization = {ACM New York, NY, USA},
 title = {Oceanstore: An architecture for global-scale persistent storage},
 volume = {34},
 year = {2000}
}

@article{lakshman2010cassandra,
 author = {Lakshman, Avinash and Malik, Prashant},
 journal = {ACM SIGOPS Operating Systems Review},
 number = {2},
 pages = {35--40},
 organization = {ACM New York, NY, USA},
 title = {Cassandra: a decentralized structured storage system},
 volume = {44},
 year = {2010}
}

@inproceedings{li2009tree,
 author = {Li, Yinan and He, Bingsheng and Luo, Qiong and Yi, Ke},
 booktitle = {2009 IEEE 25th International Conference on Data Engineering},
 organization = {IEEE},
 pages = {1303--1306},
 title = {Tree indexing on flash disks},
 year = {2009}
}

@inproceedings{li2010tree,
 author = {Li, Jun and Yang, Shuang and Wang, Xin and Li, Baochun},
 booktitle = {2010 Proceedings IEEE INFOCOM},
 organization = {IEEE},
 pages = {1--9},
 title = {Tree-structured data regeneration in distributed storage systems with regenerating codes},
 year = {2010}
}

@inproceedings{li2014hard,
 author = {Li, Jing and Ji, Xinpu and Jia, Yuhan and Zhu, Bingpeng and Wang, Gang and Li, Zhongwei and Liu, Xiaoguang},
 booktitle = {2014 44th Annual IEEE/IFIP International Conference on Dependable Systems and Networks},
 organization = {IEEE},
 pages = {383--394},
 title = {Hard drive failure prediction using classification and regression trees},
 year = {2014}
}

@inproceedings{li2016procode,
 author = {Li, Peng and Li, Jing and Stones, Rebecca J and Wang, Gang and Li, Zhongwei and Liu, Xiaoguang},
 booktitle = {2016 IEEE 35th Symposium on Reliable Distributed Systems (SRDS)},
 organization = {IEEE},
 pages = {219--228},
 title = {Procode: A proactive erasure coding scheme for cloud storage systems},
 year = {2016}
}

@inproceedings{li2017repair,
 author = {Li, Runhui and Li, Xiaolu and Lee, Patrick PC and Huang, Qun},
 booktitle = {2017 USENIX Annual Technical Conference (USENIX ATC 17)},
 pages = {567--579},
 title = {Repair Pipelining for $\{$Erasure-Coded$\}$ Storage},
 year = {2017}
}

@article{li2018demand,
 author = {Li, Jun and Li, Baochun},
 journal = {IEEE Transactions on Cloud Computing},
 number = {2},
 pages = {532--545},
 organization = {IEEE},
 title = {Demand-aware erasure coding for distributed storage systems},
 volume = {9},
 year = {2018}
}

@article{li2018joint,
 author = {Li, Shijing and Lan, Tian and Ra, Moo-Ryong and Panta, Rajesh},
 journal = {IEEE Transactions on Parallel and Distributed Systems},
 number = {12},
 pages = {2826--2837},
 organization = {IEEE},
 title = {Joint scheduling and source selection for background traffic in erasure-coded storage},
 volume = {29},
 year = {2018}
}

@inproceedings{li2019openec,
 author = {Li, Xiaolu and Li, Runhui and Lee, Patrick PC and Hu, Yuchong},
 booktitle = {17th USENIX Conference on File and Storage Technologies (FAST 19)},
 pages = {331--344},
 title = {$\{$OpenEC$\}$: Toward Unified and Configurable Erasure Coding Management in Distributed Storage Systems},
 year = {2019}
}

@inproceedings{lin2004erasure,
 author = {Lin, WK and Chiu, Dah Ming and Lee, YB},
 booktitle = {Proceedings. Fourth International Conference on Peer-to-Peer Computing, 2004. Proceedings.},
 organization = {IEEE},
 pages = {90--97},
 title = {Erasure code replication revisited},
 year = {2004}
}

@inproceedings{lin2021boosting,
 author = {Lin, Shiyao and Gong, Guowen and Shen, Zhirong and Lee, Patrick PC and Shu, Jiwu},
 booktitle = {2021 USENIX Annual Technical Conference (USENIX ATC 21)},
 pages = {641--655},
 title = {Boosting $\{$Full-Node$\}$ Repair in $\{$Erasure-Coded$\}$ Storage},
 year = {2021}
}

@article{liu2020esetstore,
 author = {Liu, Chengjian and Wang, Qiang and Chu, Xiaowen and Leung, Yiu-Wing and Liu, Hai},
 journal = {IEEE Transactions on Parallel and Distributed Systems},
 number = {9},
 pages = {2001--2016},
 organization = {IEEE},
 title = {Esetstore: An erasure-coded storage system with fast data recovery},
 volume = {31},
 year = {2020}
}

@inproceedings{liu2020rack,
 author = {Liu, Tong and Alibhai, Shakeel and He, Xubin},
 booktitle = {49th International Conference on Parallel Processing-ICPP},
 pages = {1--11},
 title = {A Rack-Aware Pipeline Repair Scheme for Erasure-Coded Distributed Storage Systems},
 year = {2020}
}

@inproceedings{mahdisoltani2017proactive,
 author = {Mahdisoltani, Farzaneh and Stefanovici, Ioan and Schroeder, Bianca},
 booktitle = {2017 USENIX Annual Technical Conference (USENIX ATC 17)},
 pages = {391--402},
 title = {Proactive error prediction to improve storage system reliability},
 year = {2017}
}

@inproceedings{mitra2016partial,
 author = {Mitra, Subrata and Panta, Rajesh and Ra, Moo-Ryong and Bagchi, Saurabh},
 booktitle = {Proceedings of the eleventh European conference on computer systems},
 pages = {1--16},
 title = {Partial-parallel-repair (ppr) a distributed technique for repairing erasure coded storage},
 year = {2016}
}

@inproceedings{muralidhar2014f4,
 author = {Muralidhar, Subramanian and Lloyd, Wyatt and Roy, Sabyasachi and Hill, Cory and Lin, Ernest and Liu, Weiwen and Pan, Satadru and Shankar, Shiva and Sivakumar, Viswanath and Tang, Linpeng and others},
 booktitle = {11th USENIX Symposium on Operating Systems Design and Implementation (OSDI 14)},
 pages = {383--398},
 title = {f4: Facebook's warm $\{$BLOB$\}$ storage system},
 year = {2014}
}

@inproceedings{niu2013phr,
 author = {Niu, Fang and Xu, Yinlong and Zhu, Yunfeng and Zhang, Yan},
 booktitle = {2013 International Conference on Parallel and Distributed Computing, Applications and Technologies},
 organization = {IEEE},
 pages = {325--331},
 title = {PHR: A Pipelined Heterogeneous Recovery for RAID6-Coded Storage Systems},
 year = {2013}
}

@article{ovsiannikov2013quantcast,
 author = {Ovsiannikov, Michael and Rus, Silvius and Reeves, Damian and Sutter, Paul and Rao, Sriram and Kelly, Jim},
 journal = {Proceedings of the VLDB Endowment},
 number = {11},
 pages = {1092--1101},
 organization = {VLDB Endowment},
 title = {The quantcast file system},
 volume = {6},
 year = {2013}
}

@inproceedings{pamies2016opening,
 author = {Pamies-Juarez, Lluis and Blagojevic, Filip and Mateescu, Robert and Gyuot, Cyril and Gad, Eyal En and Bandic, Zvonimir},
 booktitle = {14th USENIX conference on file and storage technologies (FAST 16)},
 pages = {81--94},
 title = {Opening the Chrysalis: On the Real Repair Performance of $\{$MSR$\}$ Codes},
 year = {2016}
}

@inproceedings{patterson1988case,
 author = {Patterson, David A and Gibson, Garth and Katz, Randy H},
 booktitle = {Proceedings of the 1988 ACM SIGMOD international conference on Management of data},
 pages = {109--116},
 title = {A case for redundant arrays of inexpensive disks (RAID)},
 year = {1988}
}

@article{plank2009raid,
 author = {Plank, James S},
 journal = {The International Journal of High Performance Computing Applications},
 number = {3},
 pages = {242--251},
 organization = {Sage Publications Sage UK: London, England},
 title = {The raid-6 liber8tion code},
 volume = {23},
 year = {2009}
}

@inproceedings{popa2013elasticswitch,
 author = {Popa, Lucian and Yalagandula, Praveen and Banerjee, Sujata and Mogul, Jeffrey C and Turner, Yoshio and Santos, Jose Renato},
 booktitle = {Proceedings of the ACM SIGCOMM 2013 conference on SIGCOMM},
 pages = {351--362},
 title = {Elasticswitch: Practical work-conserving bandwidth guarantees for cloud computing},
 year = {2013}
}

@inproceedings{qiu2020ec,
 author = {Qiu, Han and Wu, Chentao and Li, Jie and Guo, Minyi and Liu, Tong and He, Xubin and Dong, Yuanyuan and Zhao, Yafei},
 booktitle = {2020 IEEE International Parallel and Distributed Processing Symposium (IPDPS)},
 organization = {IEEE},
 pages = {191--201},
 title = {EC-Fusion: An Efficient Hybrid Erasure Coding Framework to Improve Both Application and Recovery Performance in Cloud Storage Systems},
 year = {2020}
}

@inproceedings{rashmi2014hitchhiker,
 author = {Rashmi, Korlakai Vinayak and Shah, Nihar B and Gu, Dikang and Kuang, Hairong and Borthakur, Dhruba and Ramchandran, Kannan},
 booktitle = {Proceedings of the 2014 ACM conference on SIGCOMM},
 pages = {331--342},
 title = {A" hitchhiker's" guide to fast and efficient data reconstruction in erasure-coded data centers},
 year = {2014}
}

@article{reed1960polynomial,
 author = {Reed, Irving S and Solomon, Gustave},
 journal = {Journal of the society for industrial and applied mathematics},
 number = {2},
 pages = {300--304},
 organization = {SIAM},
 title = {Polynomial codes over certain finite fields},
 volume = {8},
 year = {1960}
}

@article{roth1989mds,
 author = {Roth, Ron M and Lempel, Abraham},
 journal = {IEEE transactions on information theory},
 number = {6},
 pages = {1314--1319},
 organization = {IEEE},
 title = {On MDS codes via Cauchy matrices},
 volume = {35},
 year = {1989}
}

@article{rydning2018digitization,
 author = {Rydning, David Reinsel-John Gantz-John and Reinsel, J and Gantz, J},
 journal = {Framingham: International Data Corporation},
 pages = {16},
 title = {The digitization of the world from edge to core},
 year = {2018}
}

@article{sathiamoorthy2013xoring,
 author = {Sathiamoorthy, Maheswaran and Asteris, Megasthenis and Papailiopoulos, Dimitris and Dimakis, Alexandros G and Vadali, Ramkumar and Chen, Scott and Borthakur, Dhruba},
 journal = {arXiv preprint arXiv:1301.3791},
 title = {Xoring elephants: Novel erasure codes for big data},
 year = {2013}
}

@inproceedings{shah2010flexible,
 author = {Shah, Nihar B and Rashmi, KV and Kumar, P Vijay},
 booktitle = {2010 IEEE International Symposium on Information Theory},
 organization = {IEEE},
 pages = {1943--1947},
 title = {A flexible class of regenerating codes for distributed storage},
 year = {2010}
}

@inproceedings{shen2016reconsidering,
 author = {Shen, Zhirong and Shu, Jiwu and Lee, Patrick PC},
 booktitle = {2016 46th Annual IEEE/IFIP International Conference on Dependable Systems and Networks (DSN)},
 organization = {IEEE},
 pages = {323--334},
 title = {Reconsidering single failure recovery in clustered file systems},
 year = {2016}
}

@inproceedings{shen2019fast,
 author = {Shen, Zhirong and Li, Xiaolu and Lee, Patrick PC},
 booktitle = {2019 49th Annual IEEE/IFIP International Conference on Dependable Systems and Networks (DSN)},
 organization = {IEEE},
 pages = {556--567},
 title = {Fast predictive repair in erasure-coded storage},
 year = {2019}
}

@article{shen2020cluster,
 author = {Shen, Zhirong and Shu, Jiwu and Huang, Zhijie and Fu, Yingxun},
 journal = {IEEE Transactions on Computers},
 organization = {IEEE},
 title = {Cluster-aware scattered repair in erasure-coded storage: Design and Analysis},
 year = {2020}
}

@inproceedings{shvachko2010hadoop,
 author = {Shvachko, Konstantin and Kuang, Hairong and Radia, Sanjay and Chansler, Robert},
 booktitle = {2010 IEEE 26th symposium on mass storage systems and technologies (MSST)},
 organization = {Ieee},
 pages = {1--10},
 title = {The hadoop distributed file system},
 year = {2010}
}

@inproceedings{silberstein2014lazy,
 author = {Silberstein, Mark and Ganesh, Lakshmi and Wang, Yang and Alvisi, Lorenzo and Dahlin, Mike},
 booktitle = {Proceedings of International Conference on Systems and Storage},
 pages = {1--7},
 title = {Lazy means smart: Reducing repair bandwidth costs in erasure-coded distributed storage},
 year = {2014}
}

@article{sipos2018network,
 author = {Sipos, M{\'a}rton and Gahm, Josh and Venkat, Narayan and Oran, Dave},
 journal = {IEEE/ACM Transactions on Networking},
 number = {3},
 pages = {1404--1417},
 organization = {IEEE},
 title = {Network-aware feasible repairs for erasure-coded storage},
 volume = {26},
 year = {2018}
}

@inproceedings{vajha2018clay,
 author = {Vajha, Myna and Ramkumar, Vinayak and Puranik, Bhagyashree and Kini, Ganesh and Lobo, Elita and Sasidharan, Birenjith and Kumar, P Vijay and Barg, Alexandar and Ye, Min and Narayanamurthy, Srinivasan and others},
 booktitle = {16th USENIX Conference on File and Storage Technologies (FAST 18)},
 pages = {139--154},
 title = {Clay codes: Moulding $\{$MDS$\}$ codes to yield an $\{$MSR$\}$ code},
 year = {2018}
}

@article{wang2018blockchain,
 author = {Wang, Shangping and Zhang, Yinglong and Zhang, Yaling},
 journal = {Ieee Access},
 pages = {38437--38450},
 organization = {IEEE},
 title = {A blockchain-based framework for data sharing with fine-grained access control in decentralized storage systems},
 volume = {6},
 year = {2018}
}

@inproceedings{wang2020adaptive,
 author = {Wang, Zizhong and Wang, Haixia and Shao, Airan and Wang, Dongsheng},
 booktitle = {49th International Conference on Parallel Processing-ICPP},
 pages = {1--11},
 title = {An adaptive erasure-coded storage scheme with an efficient code-switching algorithm},
 year = {2020}
}

@inproceedings{weatherspoon2002erasure,
 author = {Weatherspoon, Hakim and Kubiatowicz, John D},
 booktitle = {International Workshop on Peer-to-Peer Systems},
 organization = {Springer},
 pages = {328--337},
 title = {Erasure coding vs. replication: A quantitative comparison},
 year = {2002}
}

@article{wei2018new,
 author = {Wei, Bing and Xiao, Li-Min and Wei, Wei and Song, Yao and Zhou, Bing-Yu},
 journal = {IEEE Access},
 pages = {13350--13357},
 organization = {IEEE},
 title = {A new adaptive coding selection method for distributed storage systems},
 volume = {6},
 year = {2018}
}

@article{weidong2013tree,
 author = {Weidong, Sun and Yijie, Wang and Xiaoqiang, Pei},
 journal = {China Communications},
 number = {4},
 pages = {113--125},
 organization = {IEEE},
 title = {Tree-structured parallel regeneration for multiple data losses in distributed storage systems based on erasure codes},
 volume = {10},
 year = {2013}
}

@inproceedings{weil2004dynamic,
 author = {Weil, Sage A and Pollack, Kristal T and Brandt, Scott A and Miller, Ethan L},
 booktitle = {SC'04: Proceedings of the 2004 ACM/IEEE conference on Supercomputing},
 organization = {IEEE},
 pages = {4--4},
 title = {Dynamic metadata management for petabyte-scale file systems},
 year = {2004}
}

@inproceedings{weil2006ceph,
 author = {Weil, Sage A and Brandt, Scott A and Miller, Ethan L and Long, Darrell DE and Maltzahn, Carlos},
 booktitle = {Proceedings of the 7th symposium on Operating systems design and implementation},
 pages = {307--320},
 title = {Ceph: A scalable, high-performance distributed file system},
 year = {2006}
}

@inproceedings{woitaszek2007tornado,
 author = {Woitaszek, Matthew and Tufo, Henry M},
 booktitle = {24th IEEE Conference on Mass Storage Systems and Technologies (MSST 2007)},
 organization = {IEEE},
 pages = {221--226},
 title = {Tornado codes for MAID archival storage},
 year = {2007}
}

@inproceedings{wu2007deterministic,
 author = {Wu, Yunnan and Dimakis, Alexandros G and Ramchandran, Kannan},
 booktitle = {Allerton conference on control, computing, and communication},
 organization = {IEEE Press Washington DC},
 pages = {1--5},
 title = {Deterministic regenerating codes for distributed storage},
 year = {2007}
}

@inproceedings{wu2009reducing,
 author = {Wu, Yunnan and Dimakis, Alexandros G},
 booktitle = {2009 IEEE International Symposium on Information Theory},
 organization = {IEEE},
 pages = {2276--2280},
 title = {Reducing repair traffic for erasure coding-based storage via interference alignment},
 year = {2009}
}

@inproceedings{xia2007robustore,
 author = {Xia, Huaxia and Chien, Andrew A},
 booktitle = {SC'07: Proceedings of the 2007 ACM/IEEE Conference on Supercomputing},
 organization = {IEEE},
 pages = {1--11},
 title = {RobuSTore: a distributed storage architecture with robust and high performance},
 year = {2007}
}

@inproceedings{xia2015tale,
 author = {Xia, Mingyuan and Saxena, Mohit and Blaum, Mario and Pease, David A},
 booktitle = {13th USENIX conference on file and storage technologies (FAST 15)},
 pages = {213--226},
 title = {A tale of two erasure codes in $\{$HDFS$\}$},
 year = {2015}
}

@article{xiang2010optimal,
 author = {Xiang, Liping and Xu, Yinlong and Lui, John CS and Chang, Qian},
 journal = {ACM SIGMETRICS Performance Evaluation Review},
 number = {1},
 pages = {119--130},
 organization = {ACM New York, NY, USA},
 title = {Optimal recovery of single disk failure in RDP code storage systems},
 volume = {38},
 year = {2010}
}

@inproceedings{xie2019az,
 author = {Xie, Xin and Wu, Chentao and Gu, Junqing and Qiu, Han and Li, Jie and Guo, Minyi and He, Xubin and Dong, Yuanyuan and Zhao, Yafei},
 booktitle = {2019 35th Symposium on Mass Storage Systems and Technologies (MSST)},
 organization = {IEEE},
 pages = {230--243},
 title = {Az-code: An efficient availability zone level erasure code to provide high fault tolerance in cloud storage systems},
 year = {2019}
}

@article{xu1999x,
 author = {Xu, Lihao and Bruck, Jehoshua},
 journal = {IEEE Transactions on Information Theory},
 number = {1},
 pages = {272--276},
 organization = {IEEE},
 title = {X-code: MDS array codes with optimal encoding},
 volume = {45},
 year = {1999}
}

@article{xu2020deterministic,
 author = {Xu, Liangliang and Lyu, Min and Li, Zhipeng and Li, Yongkun and Xu, Yinlong},
 journal = {IEEE Transactions on Parallel and Distributed Systems},
 number = {10},
 pages = {2248--2262},
 organization = {IEEE},
 title = {Deterministic data distribution for efficient recovery in erasure-coded storage systems},
 volume = {31},
 year = {2020}
}

@inproceedings{xu2020selectiveec,
 author = {Xu, Liangliang and Lyu, Min and Li, Qiliang and Xie, Lingjiang and Xu, Yinlong},
 booktitle = {12th USENIX Workshop on Hot Topics in Storage and File Systems (HotStorage 20)},
 title = {$\{$SelectiveEC$\}$: Selective Reconstruction in Erasure-coded Storage Systems},
 year = {2020}
}

@article{ye2017explicit,
 author = {Ye, Min and Barg, Alexander},
 journal = {IEEE Transactions on Information Theory},
 number = {10},
 pages = {6307--6317},
 organization = {IEEE},
 title = {Explicit constructions of optimal-access MDS codes with nearly optimal sub-packetization},
 volume = {63},
 year = {2017}
}

@inproceedings{ye2017hybrid,
 author = {Ye, Liuqing and Feng, Dan and Hu, Yuchong and Liu, Qing},
 booktitle = {2017 IEEE 36th Symposium on Reliable Distributed Systems (SRDS)},
 organization = {IEEE},
 pages = {124--133},
 title = {Hybrid-rc: Flexible erasure codes with optimized recovery performance and low storage overhead},
 year = {2017}
}

@inproceedings{zeng2020fagr,
 author = {Zeng, Heming and Zhang, Chi and Wu, Chentao and Yang, Gen and Li, Jie and Xue, Guangtao and Guo, Minyi},
 booktitle = {2020 IEEE 38th International Conference on Computer Design (ICCD)},
 organization = {IEEE},
 pages = {105--112},
 title = {FAGR: an efficient file-aware graph recovery scheme for erasure coded cloud storage systems},
 year = {2020}
}

@inproceedings{zhang2015tip,
 author = {Zhang, Yongzhe and Wu, Chentao and Li, Jie and Guo, Minyi},
 booktitle = {2015 45th Annual IEEE/IFIP International Conference on Dependable Systems and Networks},
 organization = {IEEE},
 pages = {136--147},
 title = {Tip-code: A three independent parity code to tolerate triple disk failures with optimal update complextiy},
 year = {2015}
}

@article{zhou2022bandwidth,
 author = {Zhou, Hai and Feng, Dan and Hu, Yuchong},
 journal = {IEEE Transactions on Parallel \& Distributed Systems},
 number = {01},
 pages = {1--1},
 organization = {IEEE Computer Society},
 title = {Bandwidth-aware Scheduling Repair Technique in Erasure-coded Clusters Design and Analysis},
 year = {2022}
}

@inproceedings{zhu2012cost,
 author = {Zhu, Yunfeng and Lee, Patrick PC and Xiang, Liping and Xu, Yinlong and Gao, Lingling},
 booktitle = {IEEE/IFIP International Conference on Dependable Systems and Networks (DSN 2012)},
 organization = {IEEE},
 pages = {1--12},
 title = {A cost-based heterogeneous recovery scheme for distributed storage systems with RAID-6 codes},
 year = {2012}
}

@inproceedings{zhu2013proactive,
 author = {Zhu, Bingpeng and Wang, Gang and Liu, Xiaoguang and Hu, Dianming and Lin, Sheng and Ma, Jingwei},
 booktitle = {2013 IEEE 29th symposium on mass storage systems and technologies (MSST)},
 organization = {IEEE},
 pages = {1--5},
 title = {Proactive drive failure prediction for large scale storage systems},
 year = {2013}
}

@article{zhu2014boosting,
 author = {Zhu, Yunfeng and Lin, Jian and Lee, Patrick PC and Xu, Yinlong},
 journal = {IEEE Transactions on Computers},
 number = {8},
 pages = {2145--2157},
 organization = {IEEE},
 title = {Boosting degraded reads in heterogeneous erasure-coded storage systems},
 volume = {64},
 year = {2014}
}

@article{周松2011expyramid,
 author = {周松 {, }~ 王意洁},
 journal = {计算机研究与发展},
 title = {EXPyramid: 一种灵活的基于阵列结构的高容错低修复成本编码方案},
 volume = {1},
 year = {2011}
}

@article{王意洁2017分布式存储中的纠删码容错技术研究,
 author = {王意洁 {, }~ 许方亮 {, }~ 裴晓强},
 journal = {计算机学报},
 number = {1},
 pages = {236--255},
 title = {分布式存储中的纠删码容错技术研究},
 volume = {40},
 year = {2017}
}

@article{许方亮2013ntar,
 author = {许方亮 {, }~ 王意洁 {, }~ 裴晓强},
 journal = {计算机研究与发展},
 title = {NTar: 基于网络拓扑的纠删码树型修复方法},
 volume = {2},
 year = {2013}
}

