
@article{rydning2018digitization,
  title={The digitization of the world from edge to core},
  author={Rydning, David Reinsel-John Gantz-John and Reinsel, J and Gantz, J},
  journal={Framingham: International Data Corporation},
  pages={16},
  year={2018}
}

@article{wang2018blockchain,
  title={A blockchain-based framework for data sharing with fine-grained access control in decentralized storage systems},
  author={Wang, Shangping and Zhang, Yinglong and Zhang, Yaling},
  journal={Ieee Access},
  volume={6},
  pages={38437--38450},
  year={2018},
  publisher={IEEE}
}


@article{sathiamoorthy2013xoring,
  title={Xoring elephants: Novel erasure codes for big data},
  author={Sathiamoorthy, Maheswaran and Asteris, Megasthenis and Papailiopoulos, Dimitris and Dimakis, Alexandros G and Vadali, Ramkumar and Chen, Scott and Borthakur, Dhruba},
  journal={arXiv preprint arXiv:1301.3791},
  year={2013}
}

@inproceedings{ghemawat2003google,
  title={The Google file system},
  author={Ghemawat, Sanjay and Gobioff, Howard and Leung, Shun-Tak},
  booktitle={Proceedings of the nineteenth ACM symposium on Operating systems principles},
  pages={29--43},
  year={2003}
}

@article{borthakur2008hdfs,
  title={HDFS architecture guide},
  author={Borthakur, Dhruba and others},
  journal={Hadoop apache project},
  volume={53},
  number={1-13},
  pages={2},
  year={2008}
}

@inproceedings{weatherspoon2002erasure,
  title={Erasure coding vs. replication: A quantitative comparison},
  author={Weatherspoon, Hakim and Kubiatowicz, John D},
  booktitle={International Workshop on Peer-to-Peer Systems},
  pages={328--337},
  year={2002},
  organization={Springer}
}

@inproceedings{huang2012erasure,
  title={Erasure coding in windows azure storage},
  author={Huang, Cheng and Simitci, Huseyin and Xu, Yikang and Ogus, Aaron and Calder, Brad and Gopalan, Parikshit and Li, Jin and Yekhanin, Sergey},
  booktitle={2012 USENIX Annual Technical Conference (USENIX ATC 12)},
  pages={15--26},
  year={2012}
}

@inproceedings{muralidhar2014f4,
  title={f4: Facebook's warm $\{$BLOB$\}$ storage system},
  author={Muralidhar, Subramanian and Lloyd, Wyatt and Roy, Sabyasachi and Hill, Cory and Lin, Ernest and Liu, Weiwen and Pan, Satadru and Shankar, Shiva and Sivakumar, Viswanath and Tang, Linpeng and others},
  booktitle={11th USENIX Symposium on Operating Systems Design and Implementation (OSDI 14)},
  pages={383--398},
  year={2014}
}

@article{ovsiannikov2013quantcast,
  title={The quantcast file system},
  author={Ovsiannikov, Michael and Rus, Silvius and Reeves, Damian and Sutter, Paul and Rao, Sriram and Kelly, Jim},
  journal={Proceedings of the VLDB Endowment},
  volume={6},
  number={11},
  pages={1092--1101},
  year={2013},
  publisher={VLDB Endowment}
}

@article{reed1960polynomial,
  title={Polynomial codes over certain finite fields},
  author={Reed, Irving S and Solomon, Gustave},
  journal={Journal of the society for industrial and applied mathematics},
  volume={8},
  number={2},
  pages={300--304},
  year={1960},
  publisher={SIAM}
}

@inproceedings{wu2009reducing,
  title={Reducing repair traffic for erasure coding-based storage via interference alignment},
  author={Wu, Yunnan and Dimakis, Alexandros G},
  booktitle={2009 IEEE International Symposium on Information Theory},
  pages={2276--2280},
  year={2009},
  organization={IEEE}
}

@article{kamath2014codes,
  title={Codes with local regeneration and erasure correction},
  author={Kamath, Govinda M and Prakash, N and Lalitha, V and Kumar, P Vijay},
  journal={IEEE Transactions on information theory},
  volume={60},
  number={8},
  pages={4637--4660},
  year={2014},
  publisher={IEEE}
}

@inproceedings{li2009tree,
  title={Tree indexing on flash disks},
  author={Li, Yinan and He, Bingsheng and Luo, Qiong and Yi, Ke},
  booktitle={2009 IEEE 25th International Conference on Data Engineering},
  pages={1303--1306},
  year={2009},
  organization={IEEE}
}


@inproceedings{hua2009smartstore,
  title={SmartStore: A new metadata organization paradigm with semantic-awareness for next-generation file systems},
  author={Hua, Yu and Jiang, Hong and Zhu, Yifeng and Feng, Dan and Tian, Lei},
  booktitle={Proceedings of the conference on high performance computing networking, storage and analysis},
  pages={1--12},
  year={2009},
  organization={IEEE}
}

@inproceedings{weil2004dynamic,
  title={Dynamic metadata management for petabyte-scale file systems},
  author={Weil, Sage A and Pollack, Kristal T and Brandt, Scott A and Miller, Ethan L},
  booktitle={SC'04: Proceedings of the 2004 ACM/IEEE conference on Supercomputing},
  pages={4--4},
  year={2004},
  organization={IEEE}
}

@article{al2008scalable,
  title={A scalable, commodity data center network architecture},
  author={Al-Fares, Mohammad and Loukissas, Alexander and Vahdat, Amin},
  journal={ACM SIGCOMM computer communication review},
  volume={38},
  number={4},
  pages={63--74},
  year={2008},
  publisher={ACM New York, NY, USA}
}

@inproceedings{greenberg2009vl2,
  title={VL2: A scalable and flexible data center network},
  author={Greenberg, Albert and Hamilton, James R and Jain, Navendu and Kandula, Srikanth and Kim, Changhoon and Lahiri, Parantap and Maltz, David A and Patel, Parveen and Sengupta, Sudipta},
  booktitle={Proceedings of the ACM SIGCOMM 2009 conference on Data communication},
  pages={51--62},
  year={2009}
}

@inproceedings{guo2008dcell,
  title={Dcell: a scalable and fault-tolerant network structure for data centers},
  author={Guo, Chuanxiong and Wu, Haitao and Tan, Kun and Shi, Lei and Zhang, Yongguang and Lu, Songwu},
  booktitle={Proceedings of the ACM SIGCOMM 2008 conference on Data communication},
  pages={75--86},
  year={2008}
}

@inproceedings{guo2009bcube,
  title={BCube: a high performance, server-centric network architecture for modular data centers},
  author={Guo, Chuanxiong and Lu, Guohan and Li, Dan and Wu, Haitao and Zhang, Xuan and Shi, Yunfeng and Tian, Chen and Zhang, Yongguang and Lu, Songwu},
  booktitle={Proceedings of the ACM SIGCOMM 2009 conference on Data communication},
  pages={63--74},
  year={2009}
}
@inproceedings{shvachko2010hadoop,
  title={The hadoop distributed file system},
  author={Shvachko, Konstantin and Kuang, Hairong and Radia, Sanjay and Chansler, Robert},
  booktitle={2010 IEEE 26th symposium on mass storage systems and technologies (MSST)},
  pages={1--10},
  year={2010},
  organization={Ieee}
}
@article{王意洁2017分布式存储中的纠删码容错技术研究,
  title={分布式存储中的纠删码容错技术研究},
  author={王意洁 and 许方亮 and 裴晓强},
  journal={计算机学报},
  volume={40},
  number={1},
  pages={236--255},
  year={2017}
}

@article{lakshman2010cassandra,
  title={Cassandra: a decentralized structured storage system},
  author={Lakshman, Avinash and Malik, Prashant},
  journal={ACM SIGOPS Operating Systems Review},
  volume={44},
  number={2},
  pages={35--40},
  year={2010},
  publisher={ACM New York, NY, USA}
}

@article{gill2016dynamic,
  title={A dynamic, cost-aware, optimized data replication strategy for heterogeneous cloud data centers},
  author={Gill, Navneet Kaur and Singh, Sarbjeet},
  journal={Future Generation Computer Systems},
  volume={65},
  pages={10--32},
  year={2016},
  publisher={Elsevier}
}


@inproceedings{gai2012design,
  title={Design and Simulation of Dynamic Replication Strategy for the Data Grid},
  author={Gai-Mei, Gao and Shang-Wang, Bai},
  booktitle={2012 International Conference on Industrial Control and Electronics Engineering},
  pages={901--903},
  year={2012},
  organization={IEEE}
}

@inproceedings{patterson1988case,
  title={A case for redundant arrays of inexpensive disks (RAID)},
  author={Patterson, David A and Gibson, Garth and Katz, Randy H},
  booktitle={Proceedings of the 1988 ACM SIGMOD international conference on Management of data},
  pages={109--116},
  year={1988}
}


@article{chen1994raid,
  title={RAID: High-performance, reliable secondary storage},
  author={Chen, Peter M and Lee, Edward K and Gibson, Garth A and Katz, Randy H and Patterson, David A},
  journal={ACM Computing Surveys (CSUR)},
  volume={26},
  number={2},
  pages={145--185},
  year={1994},
  publisher={ACM New York, NY, USA}
}

@inproceedings{lin2004erasure,
  title={Erasure code replication revisited},
  author={Lin, WK and Chiu, Dah Ming and Lee, YB},
  booktitle={Proceedings. Fourth International Conference on Peer-to-Peer Computing, 2004. Proceedings.},
  pages={90--97},
  year={2004},
  organization={IEEE}
}

@inproceedings{huang2019lower,
  title={A Lower Bound on Disk Reads for Single Information Disk Failure Recovery and One Recovery Scheme for EVENODD (p, 3)},
  author={Huang, Shangyao and Hou, Hanxu and Yu, Xiangshou},
  booktitle={2019 Ninth International Workshop on Signal Design and its Applications in Communications (IWSDA)},
  pages={1--5},
  year={2019},
  organization={IEEE}
}

@article{xu1999x,
  title={X-code: MDS array codes with optimal encoding},
  author={Xu, Lihao and Bruck, Jehoshua},
  journal={IEEE Transactions on Information Theory},
  volume={45},
  number={1},
  pages={272--276},
  year={1999},
  publisher={IEEE}
}

@article{roth1989mds,
  title={On MDS codes via Cauchy matrices},
  author={Roth, Ron M and Lempel, Abraham},
  journal={IEEE transactions on information theory},
  volume={35},
  number={6},
  pages={1314--1319},
  year={1989},
  publisher={IEEE}
}

@inproceedings{xia2007robustore,
  title={RobuSTore: a distributed storage architecture with robust and high performance},
  author={Xia, Huaxia and Chien, Andrew A},
  booktitle={SC'07: Proceedings of the 2007 ACM/IEEE Conference on Supercomputing},
  pages={1--11},
  year={2007},
  organization={IEEE}
}

@article{kubiatowicz2000oceanstore,
  title={Oceanstore: An architecture for global-scale persistent storage},
  author={Kubiatowicz, John and Bindel, David and Chen, Yan and Czerwinski, Steven and Eaton, Patrick and Geels, Dennis and Gummadi, Ramakrishna and Rhea, Sean and Weatherspoon, Hakim and Weimer, Westley and others},
  journal={ACM SIGOPS Operating Systems Review},
  volume={34},
  number={5},
  pages={190--201},
  year={2000},
  publisher={ACM New York, NY, USA}
}

@article{blaum1996mds,
  title={MDS array codes with independent parity symbols},
  author={Blaum, Mario and Bruck, Jehoshua and Vardy, Alexander},
  journal={IEEE Transactions on Information Theory},
  volume={42},
  number={2},
  pages={529--542},
  year={1996},
  publisher={IEEE}
}

@article{plank2009raid,
  title={The raid-6 liber8tion code},
  author={Plank, James S},
  journal={The International Journal of High Performance Computing Applications},
  volume={23},
  number={3},
  pages={242--251},
  year={2009},
  publisher={Sage Publications Sage UK: London, England}
}

@inproceedings{hafner2005matrix,
  title={Matrix Methods for Lost Data Reconstruction in Erasure Codes.},
  author={Hafner, James Lee and Deenadhayalan, Veera and Rao, KK and Tomlin, John A},
  booktitle={FAST},
  volume={5},
  number={December},
  pages={15--30},
  year={2005}
}

@inproceedings{li2016procode,
  title={Procode: A proactive erasure coding scheme for cloud storage systems},
  author={Li, Peng and Li, Jing and Stones, Rebecca J and Wang, Gang and Li, Zhongwei and Liu, Xiaoguang},
  booktitle={2016 IEEE 35th Symposium on Reliable Distributed Systems (SRDS)},
  pages={219--228},
  year={2016},
  organization={IEEE}
}


@article{blaum1995evenodd,
  title={EVENODD: An efficient scheme for tolerating double disk failures in RAID architectures},
  author={Blaum, Mario and Brady, Jim and Bruck, Jehoshua and Menon, Jai},
  journal={IEEE Transactions on computers},
  volume={44},
  number={2},
  pages={192--202},
  year={1995},
  publisher={IEEE}
}

@inproceedings{corbett2004row,
  title={Row-diagonal parity for double disk failure correction},
  author={Corbett, Peter and English, Bob and Goel, Atul and Grcanac, Tomislav and Kleiman, Steven and Leong, James and Sankar, Sunitha},
  booktitle={Proceedings of the 3rd USENIX Conference on File and Storage Technologies},
  pages={1--14},
  year={2004},
  organization={San Francisco, CA}
}

@inproceedings{feng2010eeo,
  title={EEO: An efficient MDS-like RAID-6 code for parallel implementation},
  author={Feng, Jun and Chen, Yu and Summerville, Douglas},
  booktitle={2010 IEEE Sarnoff Symposium},
  pages={1--5},
  year={2010},
  organization={IEEE}
}

@article{huang2008star,
  title={STAR: An efficient coding scheme for correcting triple storage node failures},
  author={Huang, Cheng and Xu, Lihao},
  journal={IEEE Transactions on Computers},
  volume={57},
  number={7},
  pages={889--901},
  year={2008},
  publisher={IEEE}
}


@article{ahlswede2000network,
  title={Network information flow},
  author={Ahlswede, Rudolf and Cai, Ning and Li, S-YR and Yeung, Raymond W},
  journal={IEEE Transactions on information theory},
  volume={46},
  number={4},
  pages={1204--1216},
  year={2000},
  publisher={IEEE}
}

@article{dimakis2010network,
  title={Network coding for distributed storage systems},
  author={Dimakis, Alexandros G and Godfrey, P Brighten and Wu, Yunnan and Wainwright, Martin J and Ramchandran, Kannan},
  journal={IEEE transactions on information theory},
  volume={56},
  number={9},
  pages={4539--4551},
  year={2010},
  publisher={IEEE}
}

@inproceedings{wu2007deterministic,
  title={Deterministic regenerating codes for distributed storage},
  author={Wu, Yunnan and Dimakis, Alexandros G and Ramchandran, Kannan},
  booktitle={Allerton conference on control, computing, and communication},
  pages={1--5},
  year={2007},
  organization={IEEE Press Washington DC}
}

@inproceedings{calder2011windows,
  title={Windows azure storage: a highly available cloud storage service with strong consistency},
  author={Calder, Brad and Wang, Ju and Ogus, Aaron and Nilakantan, Niranjan and Skjolsvold, Arild and McKelvie, Sam and Xu, Yikang and Srivastav, Shashwat and Wu, Jiesheng and Simitci, Huseyin and others},
  booktitle={Proceedings of the Twenty-Third ACM Symposium on Operating Systems Principles},
  pages={143--157},
  year={2011}
}

@article{huang2013pyramid,
  title={Pyramid codes: Flexible schemes to trade space for access efficiency in reliable data storage systems},
  author={Huang, Cheng and Chen, Minghua and Li, Jin},
  journal={ACM Transactions on Storage (TOS)},
  volume={9},
  number={1},
  pages={1--28},
  year={2013},
  publisher={ACM New York, NY, USA}
}


@article{周松2011expyramid,
  title={EXPyramid: 一种灵活的基于阵列结构的高容错低修复成本编码方案},
  author={周松 and 王意洁},
  journal={计算机研究与发展},
  volume={1},
  year={2011}
}
@inproceedings{woitaszek2007tornado,
  title={Tornado codes for MAID archival storage},
  author={Woitaszek, Matthew and Tufo, Henry M},
  booktitle={24th IEEE Conference on Mass Storage Systems and Technologies (MSST 2007)},
  pages={221--226},
  year={2007},
  organization={IEEE}
}

@article{gallager1962low,
  title={Low-density parity-check codes},
  author={Gallager, Robert},
  journal={IRE Transactions on information theory},
  volume={8},
  number={1},
  pages={21--28},
  year={1962},
  publisher={IEEE}
}

@inproceedings{hafner2005weaver,
  title={WEAVER Codes: Highly Fault Tolerant Erasure Codes for Storage Systems.},
  author={Hafner, James Lee},
  booktitle={Fast},
  volume={5},
  pages={16--16},
  year={2005}
}

@inproceedings{hafner2006hover,
  title={HoVer erasure codes for disk arrays},
  author={Hafner, James Lee},
  booktitle={International Conference on Dependable Systems and Networks (DSN'06)},
  pages={217--226},
  year={2006},
  organization={IEEE}
}


@inproceedings{shah2010flexible,
  title={A flexible class of regenerating codes for distributed storage},
  author={Shah, Nihar B and Rashmi, KV and Kumar, P Vijay},
  booktitle={2010 IEEE International Symposium on Information Theory},
  pages={1943--1947},
  year={2010},
  organization={IEEE}
}



@inproceedings{ford2010availability,
  title = {Availability in Globally Distributed Storage Systems},
  booktitle = {9th {{USENIX}} Symposium on Operating Systems Design and Implementation ({{OSDI}} 10)},
  author = {Ford, Daniel and Labelle, Fran{\c c}ois and Popovici, Florentina I and Stokely, Murray and Truong, Van-Anh and Barroso, Luiz and Grimes, Carrie and Quinlan, Sean},
  year = {2010},
  keywords = {⛔ No DOI found}
}


@article{feng2005new,
  title={A new multi-secret images sharing scheme using Largrange’s interpolation},
  author={Feng, Jen-Bang and Wu, Hsien-Chu and Tsai, Chwei-Shyong and Chu, Yen-Ping},
  journal={Journal of Systems and Software},
  volume={76},
  number={3},
  pages={327--339},
  year={2005},
  publisher={Elsevier}
}


@article{greenberg2011vl2,
  title={VL2: a scalable and flexible data center network},
  author={Greenberg, Albert and Hamilton, James R and Jain, Navendu and Kandula, Srikanth and Kim, Changhoon and Lahiri, Parantap and Maltz, David A and Patel, Parveen and Sengupta, Sudipta},
  journal={Communications of the ACM},
  volume={54},
  number={3},
  pages={95--104},
  year={2011},
  publisher={ACM New York, NY, USA}
}

@inproceedings{li2010tree,
  title={Tree-structured data regeneration in distributed storage systems with regenerating codes},
  author={Li, Jun and Yang, Shuang and Wang, Xin and Li, Baochun},
  booktitle={2010 Proceedings IEEE INFOCOM},
  pages={1--9},
  year={2010},
  organization={IEEE}
}



@article{许方亮2013ntar,
  title={NTar: 基于网络拓扑的纠删码树型修复方法},
  author={许方亮 and 王意洁 and 裴晓强},
  journal={计算机研究与发展},
  volume={2},
  year={2013}
}

@article{weidong2013tree,
  title={Tree-structured parallel regeneration for multiple data losses in distributed storage systems based on erasure codes},
  author={Weidong, Sun and Yijie, Wang and Xiaoqiang, Pei},
  journal={China Communications},
  volume={10},
  number={4},
  pages={113--125},
  year={2013},
  publisher={IEEE}
}

@article{xiang2010optimal,
  title={Optimal recovery of single disk failure in RDP code storage systems},
  author={Xiang, Liping and Xu, Yinlong and Lui, John CS and Chang, Qian},
  journal={ACM SIGMETRICS Performance Evaluation Review},
  volume={38},
  number={1},
  pages={119--130},
  year={2010},
  publisher={ACM New York, NY, USA}
}

@inproceedings{khan2012rethinking,
  title={Rethinking erasure codes for cloud file systems: minimizing I/O for recovery and degraded reads.},
  author={Khan, Osama and Burns, Randal C and Plank, James S and Pierce, William and Huang, Cheng},
  booktitle={FAST},
  volume={20},
  number={10.5555},
  pages={2208461--2208481},
  year={2012}
}

@article{zhu2014boosting,
  title={Boosting degraded reads in heterogeneous erasure-coded storage systems},
  author={Zhu, Yunfeng and Lin, Jian and Lee, Patrick PC and Xu, Yinlong},
  journal={IEEE Transactions on Computers},
  volume={64},
  number={8},
  pages={2145--2157},
  year={2014},
  publisher={IEEE}
}

@inproceedings{niu2013phr,
  title={PHR: A Pipelined Heterogeneous Recovery for RAID6-Coded Storage Systems},
  author={Niu, Fang and Xu, Yinlong and Zhu, Yunfeng and Zhang, Yan},
  booktitle={2013 International Conference on Parallel and Distributed Computing, Applications and Technologies},
  pages={325--331},
  year={2013},
  organization={IEEE}
}


@inproceedings{zhu2012cost,
  title={A cost-based heterogeneous recovery scheme for distributed storage systems with RAID-6 codes},
  author={Zhu, Yunfeng and Lee, Patrick PC and Xiang, Liping and Xu, Yinlong and Gao, Lingling},
  booktitle={IEEE/IFIP International Conference on Dependable Systems and Networks (DSN 2012)},
  pages={1--12},
  year={2012},
  organization={IEEE}
}

@inproceedings{popa2013elasticswitch,
  title={Elasticswitch: Practical work-conserving bandwidth guarantees for cloud computing},
  author={Popa, Lucian and Yalagandula, Praveen and Banerjee, Sujata and Mogul, Jeffrey C and Turner, Yoshio and Santos, Jose Renato},
  booktitle={Proceedings of the ACM SIGCOMM 2013 conference on SIGCOMM},
  pages={351--362},
  year={2013}
}

@article{li2018joint,
  title={Joint scheduling and source selection for background traffic in erasure-coded storage},
  author={Li, Shijing and Lan, Tian and Ra, Moo-Ryong and Panta, Rajesh},
  journal={IEEE Transactions on Parallel and Distributed Systems},
  volume={29},
  number={12},
  pages={2826--2837},
  year={2018},
  publisher={IEEE}
}

@inproceedings{rashmi2014hitchhiker,
  title={A" hitchhiker's" guide to fast and efficient data reconstruction in erasure-coded data centers},
  author={Rashmi, Korlakai Vinayak and Shah, Nihar B and Gu, Dikang and Kuang, Hairong and Borthakur, Dhruba and Ramchandran, Kannan},
  booktitle={Proceedings of the 2014 ACM conference on SIGCOMM},
  pages={331--342},
  year={2014}
}

@inproceedings{xia2015tale,
  title={A tale of two erasure codes in $\{$HDFS$\}$},
  author={Xia, Mingyuan and Saxena, Mohit and Blaum, Mario and Pease, David A},
  booktitle={13th USENIX conference on file and storage technologies (FAST 15)},
  pages={213--226},
  year={2015}
}

@inproceedings{dimakis2007benefits,
  title={The benefits of network coding for peer-to-peer storage systems},
  author={Dimakis, Alexandros G and Godfrey, P Brighten and Wainwright, Martin J and Ramchandran, Kannan},
  booktitle={Third Workshop on Network Coding, Theory, and Applications},
  year={2007}
}

@inproceedings{pamies2016opening,
  title={Opening the Chrysalis: On the Real Repair Performance of $\{$MSR$\}$ Codes},
  author={Pamies-Juarez, Lluis and Blagojevic, Filip and Mateescu, Robert and Gyuot, Cyril and Gad, Eyal En and Bandic, Zvonimir},
  booktitle={14th USENIX conference on file and storage technologies (FAST 16)},
  pages={81--94},
  year={2016}
}


@inproceedings{ye2017hybrid,
  title={Hybrid-rc: Flexible erasure codes with optimized recovery performance and low storage overhead},
  author={Ye, Liuqing and Feng, Dan and Hu, Yuchong and Liu, Qing},
  booktitle={2017 IEEE 36th Symposium on Reliable Distributed Systems (SRDS)},
  pages={124--133},
  year={2017},
  organization={IEEE}
}